@misc{chollet2015keras,
  title={Keras},
  author={Chollet, Fran\c{c}ois and others},
  year={2015},
  howpublished={\url{https://keras.io}},
}

@article{Mohammad13,
	Author = {Mohammad, Saif M. and Turney, Peter D.},
	Booktitle = {Computational Intelligence},
	Number = {3},
	Pages = {436--465},
	Title = {Crowdsourcing a Word-Emotion Association Lexicon},
	Volume = {29},
	Year = {2013}
}

@inproceedings{leban2014news,
	title={News reporting bias detection prototype},
	author={Leban, Gregor and Košmerlj, Aljaž and Belyaeva, Evgenia and Fortuna, Blaž},
	year = {2014}}

@inproceedings{somasundaran2010recognizing,
	title={Recognizing stances in ideological on-line debates},
	author={Somasundaran, Swapna and Wiebe, Janyce},
	booktitle={Proceedings of NAACL-HLT 2010 Workshop on Computational Approaches to Analysis and Generation of Emotion in Text},
	pages={116--124},
	year = {2010}}

@inproceedings{greene2009syntactic,
	title={More than words: syntactic packaging and implicit sentiment},
	author={Greene, Stephan and Resnik, Philip},
	booktitle={NAACL},
	year = {2009}}

@inproceedings{maynard2012automatic,
	title={Automatic Detection of Political Opinions in Tweets},
	author={Maynard, Diana and Funk, Adam},
	booktitle={Proceedings of the 8th International Conference on The Semantic Web},
	pages={88--99},
	year = {2012}}

@inproceedings{sim2013measuring,
	title={Measuring ideological proportions in political speeches},
	author={Sim, Yanchuan and Acree, Brice and Gross, Justin H. and Smith, Noah A.},
	booktitle={EMNLP},
	year = {2013}}

@inproceedings{recasens2013linguistic,
	title={Linguistic Models for Analyzing and Detecting Biased Language},
	author={Recasens, Marta and Danescu-Niculescu-Mizil, Cristian and Jurafsky, Dan},
	year = {2013}}

@inproceedings{conrad2012recognizing,
	title={Recognizing arguing subjectivity and argument tags},
	author={Conrad, Alexander and Wiebe, Janyce and Hwa, Rebecca},
	booktitle={Proceedings of ACL-2012 Workshop on Extra-Propositional Aspects of Meaning in Computational Linguistics},
	pages={80--88},
	year = {2012}}

@inproceedings{anand2011classifying,
	title={Cats rule and dogs drool!: Classifying stance in online debate},
	author={Anand, Pranav and Walker, Marilyn and Abbott, Rob and Fox Tree, Jean E. and Bowmani, Robeson and Minor, Michael},
	booktitle={Proceedings of ACL-HLT 2011 Workshop on Computational Approaches to Subjectivity and Sentiment Analysis},
	pages={1--9}.
	year = {2011}}

@inproceedings{pang2008opinion,
	title={Opinion mining and sentiment analysis},
	author={Pang, Bo and Lee, Lillian},
	booktitle={Foundations and trends in information retrieval},
	year = {2008}}

@inproceedings{doumit2012online,
	title={Online News Media Bias Analysis using an LDA-NLP Approach},
	author={Doumit, Sarjoun and Minai, Ali},
	year = {2012}}

@inproceedings{nguyen2013lexical,
	title={Lexical and hierarchical topic regression},
	author={Nguyen, Viet-An and Boyd-Graber, Jordan and Resnik, Philip},
	booktitle={NIPS},
	pages={1106--1114},
	year = {2013}}

@inproceedings{lin2008jointtopic,
	title={A joint topic and perspective model for ideological discourse},
	author={Lin, Wei-Hao and Xing, Eric and Hauptmann, Alexander},
	booktitle={Machine Learning and Knowledge Discovery in Databases},
	pages={17--32},
	year = {2008}}

@inproceedings{gentzkow2010whatdrives,
	title={What drives media slant? Evidence from US daily newspapers},
	author={Gentzkow, Matthew and Shapiro, Jesse M.},
	booktitle={Econometrica},
	pages={35--71},
	year = {2010}}

@inproceedings{lin2011sentence,
	title={Sentence subjectivity detection with weakly-supervised learning},
	author={Lin, Chengua and He, Yulan and Everson, Richard},
	booktitle={Proceedings of AFNLP 2011},
	pages={1153--1161},
	year = {2011}}

@inproceedings{wiebe2004learning,
	title={Learning subjective language},
	author={Wiebe, Janyce and Wilson, Theresa and Bruce, Rebecca and Bell, Matthew and Martin, Melanie},
	year = {2004}}

@inproceedings{godbole2007largescale,
	title={Large-scale Sentiment Analysis for News and Blogs},
	author={Godbole, Marta and Srinivasaiah, Manjunath and Skiena, Steven},
	booktitle={Proceedings of International Conference on Web and Social Media}
	year = {2007}}

@inproceedings{wilson2005recognizing,
	title={Recognizing contextual polarity in phrase-level sentiment analysis},
	author={Wilson, Theresa and Wiebe, Janyce and Hoffman, Paul},
	year = {2005}}

@inproceedings{yano2010shedding,
	title={Shedding (a thousand points of) light on biased language},
	author={Yano, Tae and Resnik, Philip and Smith, Noah A.},
	booktitle={Proceedings of NAACL HLT 2010 Workshop on Creating Speech and Language Data with Amazon’s Mechanical Turk},
	pages={152--158},
	year = {2010}}

@inproceedings{bellows2018classify,
	title={Exploration of classifying sentence bias in news articles with machine learning models},
	author={Bellows, Martha},
	year = {2018}}

@InProceedings{mikolov2013word2vec,
  author =              {Tomas MIkolov and Ilya Sutskever and Kai Chen and Greg Corrado and Jeffrey Dean},
  publisher =           {NIPS},
  title = 	            {Ditributed Representations of Words and Phrases and their Compositionality},
  year =                {2013}
}

@inproceedings{iyyer2014political,
	title={Political Ideology Detection Using Recursive Neural Networks},
	booktitle={Proceedings of the 52nd Annual Meeting of the Association for Computational Linguistics},
	author={Iyyer, Mohit and Enns, Peter and Boyd-Graber, Jordan and Resnik, Philip},
	year = {2014}}

@InProceedings{kiesel:2019,
  author =              {Johannes Kiesel and Maria Mestre and Rishabh Shukla and Emmanuel Vincent and Payam Adineh and David Corney and Benno Stein and Martin Potthast},
  booktitle =           {{Proceedings of The 13th International Workshop on Semantic Evaluation (SemEval 2019)}},
  publisher =           {Association for Computational Linguistics},
  title = 	            {{SemEval-2019 Task 4: Hyperpartisan News Detection}},
  year =                {2019}
}

@InCollection{potthast:2019,
  author =              {Martin Potthast and Tim Gollub and Matti Wiegmann and Benno Stein},
  booktitle =           {{Information Retrieval Evaluation in a Changing World - Lessons Learned from 20 Years of CLEF}},
  editor =              {Nicola Ferro and Carol Peters},
  publisher =           {Springer},
  title =               {{TIRA Integrated Research Environment}},
  year =                {2019}
}

@InProceedings{potthast:2018,
  author =              {Martin Potthast and Johannes Kiesel and Kevin Reinartz and {Ja\-nek} Bevendorff and Benno Stein},
  booktitle =           {{56th Annual Meeting of the Association for Computational Linguistics (ACL 2018)}},
  month =               jul,
  pages =               {231-240},
  publisher =           {Association for Computational Linguistics},
  site =                {Melbourne},
  title =               {{A Stylometric Inquiry into Hyperpartisan and Fake News}},
  url =                 {https://aclanthology.info/papers/P18-1022/p18-1022},
  year =                2018
}

@inproceedings{bird2009nltk,
  title={Natural language processing with Python},
  author={Bird, Steven and Loper, Edward and Klein, Ewan},
  year={2009},
  organization={O'Reilly Media Inc.}
}

@article{scikit-learn,
 title={Scikit-learn: Machine Learning in {P}ython},
 author={Pedregosa, F. and Varoquaux, G. and Gramfort, A. and Michel, V.
         and Thirion, B. and Grisel, O. and Blondel, M. and Prettenhofer, P.
         and Weiss, R. and Dubourg, V. and Vanderplas, J. and Passos, A. and
         Cournapeau, D. and Brucher, M. and Perrot, M. and Duchesnay, E.},
 journal={Journal of Machine Learning Research},
 volume={12},
 pages={2825--2830},
 year={2011}
}

@Inproceedings{honnibal-johnson:2015:EMNLP,
  author    = {Honnibal, Matthew  and  Johnson, Mark},
  title     = {An Improved Non-monotonic Transition System for Dependency Parsing},
  booktitle = {Proceedings of the 2015 Conference on Empirical Methods in Natural Language Processing},
  month     = {September},
  year      = {2015},
  address   = {Lisbon, Portugal},
  publisher = {Association for Computational Linguistics},
  pages     = {1373--1378},
  url       = {https://aclweb.org/anthology/D/D15/D15-1162}
}

@inproceedings{rehurek_lrec,
      title = {{Software Framework for Topic Modelling with Large Corpora}},
      author = {Radim {\v R}eh{\r u}{\v r}ek and Petr Sojka},
      booktitle = {{Proceedings of the LREC 2010 Workshop on New
           Challenges for NLP Frameworks}},
      pages = {45--50},
      year = 2010,
      month = May,
      day = 22,
      publisher = {ELRA},
      address = {Valletta, Malta},
      note={\url{http://is.muni.cz/publication/884893/en}},
      language={English}
}

@misc{tensorflow2015-whitepaper,
title={ {TensorFlow}: Large-Scale Machine Learning on Heterogeneous Systems},
url={https://www.tensorflow.org/},
note={Software available from tensorflow.org},
author={
    Mart\'{\i}n~Abadi and
    Ashish~Agarwal and
    Paul~Barham and
    Eugene~Brevdo and
    Zhifeng~Chen and
    Craig~Citro and
    Greg~S.~Corrado and
    Andy~Davis and
    Jeffrey~Dean and
    Matthieu~Devin and
    Sanjay~Ghemawat and
    Ian~Goodfellow and
    Andrew~Harp and
    Geoffrey~Irving and
    Michael~Isard and
    Yangqing Jia and
    Rafal~Jozefowicz and
    Lukasz~Kaiser and
    Manjunath~Kudlur and
    Josh~Levenberg and
    Dandelion~Man\'{e} and
    Rajat~Monga and
    Sherry~Moore and
    Derek~Murray and
    Chris~Olah and
    Mike~Schuster and
    Jonathon~Shlens and
    Benoit~Steiner and
    Ilya~Sutskever and
    Kunal~Talwar and
    Paul~Tucker and
    Vincent~Vanhoucke and
    Vijay~Vasudevan and
    Fernanda~Vi\'{e}gas and
    Oriol~Vinyals and
    Pete~Warden and
    Martin~Wattenberg and
    Martin~Wicke and
    Yuan~Yu and
    Xiaoqiang~Zheng},
  year={2015},
}